<record><leader>00000cas a2200000 a 4500</leader><controlfield tag="001">12240290</controlfield><controlfield tag="008">850708d18751877ksuwr ne      0    0eng d</controlfield><datafield ind1=" " ind2=" " tag="010"><subfield code="a">sn 85030380 </subfield></datafield><datafield ind1=" " ind2=" " tag="040"><subfield code="a">KSH</subfield><subfield code="b">eng</subfield><subfield code="c">KSH</subfield><subfield code="d">NPT</subfield><subfield code="d">OCL</subfield><subfield code="d">OCLCQ</subfield></datafield><datafield ind1=" " ind2=" " tag="042"><subfield code="a">msc</subfield></datafield><datafield ind1="0" ind2=" " tag="130"><subfield code="a">Weekly courier (Independence, Kan.)</subfield></datafield><datafield ind1="1" ind2="4" tag="245"><subfield code="a">The weekly courier.</subfield></datafield><datafield ind1=" " ind2=" " tag="260"><subfield code="a">Independence, Kan. :</subfield><subfield code="b">James J. Chatham,</subfield><subfield code="c">1875-1877.</subfield></datafield><datafield ind1=" " ind2=" " tag="300"><subfield code="a">v. ;</subfield><subfield code="c">52 cm.</subfield></datafield><datafield ind1=" " ind2=" " tag="310"><subfield code="a">Weekly</subfield></datafield><datafield ind1="0" ind2=" " tag="362"><subfield code="a">Vol. 3, no. 9 (July 23, 1875)-v. 5, no. 23 (Oct. 25, 1877).</subfield></datafield><datafield ind1=" " ind2=" " tag="500"><subfield code="a">Published by Frank C. Scott, Nov. 30, 1876-Oct. 25, 1877.</subfield></datafield><datafield ind1=" " ind2=" " tag="580"><subfield code="a">Issued also in a daily edition called: Evening courier (Independence, Kan.).</subfield></datafield><datafield ind1=" " ind2=" " tag="752"><subfield code="a">United States</subfield><subfield code="b">Kansas</subfield><subfield code="c">Montgomery</subfield><subfield code="d">Independence.</subfield></datafield><datafield ind1="1" ind2=" " tag="775"><subfield code="t">Evening courier (Independence, Kan.)</subfield><subfield code="w">(DLC)sn 85030455</subfield></datafield><datafield ind1="0" ind2="1" tag="780"><subfield code="t">Coffeyville courier</subfield><subfield code="w">(DLC)sn 85031382</subfield></datafield><datafield ind1="0" ind2="0" tag="785"><subfield code="t">Workingman's courier</subfield><subfield code="w">(DLC)sn 85030390</subfield></datafield></record>